

@TECHREPORT{techreport-example,
   author = "L. Maestrello",
   title = "Two-Point Correlations of Sound Pressure in the Far Field of a Jet: Experiment",
   type = "{NASA}",
   number = "{TM}~{X}-72835",
   year = 1976,
}

@INPROCEEDINGS{inproceedings-example,
   author = "M. E. Gurtin",
   title = "On the nonlinear theory of elasticity",
   booktitle = "Proceedings of the International Symposium on Continuum Mechanics and Partial Differential Equations: Contemporary Developments in Continuum Mechanics and Partial Differential Equations",
   pages = "237-253",
   address = "Rio de Janeiro",
   month = aug,
   year = 1977,
}


@INBOOK{inbook-example,
   author = "D. K. Edwards",
   title = "Thermal Radiation Measurements",
   address = "New York, USA",
   booktitle = "Measurements in Heat Transfer",
   publisher = "Hemisphere Publishing Corporation",
   editor = "E. R. G. Eckert and R. J. Goldstein",
   edition = 2,
   year = "1976",
   chapter = "10",
}

@MASTERSTHESIS{mastersthesis-example,
   author = "A. Tuntomo",
   title = "Transport Phenomena in a Small Particle with Internal Radiant Absorption",
   school = "University of California at Berkeley",
   type = "{Ph.D.} dissertation",
   address = "Berkeley, California, USA",
   year = 1990,
}

@PHDTHESIS{phdthesis-example,
   author = "Paes~Junior, H. R.",
   title = "Influ{\^e}ncia da Espessura da Camada Intr{\'i}nseca e Energia do Foton na Degrada{\c c}\~ao de C{\'e}lulas Solares de Sil{\'i}cio Amorfo Hidrogenado",
   school = "COPPE/UFRJ",
   address = "Rio de Janeiro, RJ, Brasil",
   type = "Tese de {D.Sc.}",
   year = 1994,
}

@Article{Hummon1990,
  doi = {10.1016/0378-8733(90)90011-w},
  %url = {https://doi.org/10.1016/0378-8733(90)90011-w},
  year = {1990},
  month = dec,
  publisher = {Elsevier {BV}},
  volume = {12},
  number = {4},
  pages = {273--288},
  author = {Norman P. Hummon and Patrick Doreian},
  title = {Computational methods for social network analysis},
  journal = {Social Networks}
}

@inproceedings{Xu2010,
  doi = {10.1109/dcabes.2010.162},
  %url = {https://doi.org/10.1109/dcabes.2010.162},
  year = {2010},
  month = aug,
  publisher = {{IEEE}},
  author = {Shiming Xu and Hai Xiang Lin and Wei Xue},
  title = {Sparse Matrix-Vector Multiplication Optimizations based on Matrix Bandwidth Reduction using {NVIDIA} {CUDA}},
  booktitle = {2010 Ninth International Symposium on Distributed Computing and Applications to Business,  Engineering and Science}
}

@inproceedings{Maggioni2014,
  doi = {10.1109/ipdpsw.2014.106},
  %url = {https://doi.org/10.1109/ipdpsw.2014.106},
  year = {2014},
  month = may,
  publisher = {{IEEE}},
  author = {Marco Maggioni and Tanya Berger-Wolf},
  title = {{CoAdELL}: Adaptivity and Compression for Improving Sparse Matrix-Vector Multiplication on {GPUs}},
  booktitle = {2014 {IEEE} International Parallel {\&} Distributed Processing Symposium Workshops}
}

@inproceedings{AdELL-Maggioni2013,
  doi = {10.1109/icpp.2013.10},
  %url = {https://doi.org/10.1109/icpp.2013.10},
  year = {2013},
  month = oct,
  publisher = {{IEEE}},
  author = {Marco Maggioni and Tanya Berger-Wolf},
  title = {{AdELL}: An Adaptive Warp-Balancing {ELL} Format for Efficient Sparse Matrix-Vector Multiplication on {GPUs}},
  booktitle = {2013 42nd International Conference on Parallel Processing}
}

@article{Sanderson2019,
  doi = {10.3390/mca24030070},
  %url = {https://doi.org/10.3390/mca24030070},
  year = {2019},
  month = jul,
  publisher = {{MDPI} {AG}},
  volume = {24},
  number = {3},
  pages = {70},
  author = {Conrad Sanderson and Ryan Curtin},
  title = {Practical Sparse Matrices in C$\mathplus$$\mathplus$ with Hybrid Storage and Template-Based Expression Optimisation},
  journal = {Mathematical and Computational Applications}
}


@inproceedings{Schlegel2010,
author = {Schlegel, Benjamin and Gemulla, Rainer and Lehner, Wolfgang},
year = {2010},
month = {01},
pages = {34-40},
title = {Fast integer compression using SIMD instructions},
doi = {10.1145/1869389.1869394}
}

@article{Davis2010Algorithm9K,
  title={Algorithm 907: KLU, A Direct Sparse Solver for Circuit Simulation Problems},
  author={T. Davis and E. P. Natarajan},
  journal={ACM Trans. Math. Softw.},
  year={2010},
  volume={37},
  pages={36:1-36:17}
}


@manual{TimDavis,
  url = {https://people.engr.tamu.edu/davis/welcome.html},
  urldate = {2020-02-15},
  title = {Tim Davis}
}


@manual{SuiteSparse-web,
  url = {https://sparse.tamu.edu/about},
  title = {SuiteSparse Matrix Collection},
  urldate = {2020-02-12}
}


@manual{davis-sparse-def,
  author = {T. Davis},
  url = {https://people.engr.tamu.edu/davis/research.html},
  title = {T. Davis research SuiteSparse Matrix Collection},
  urldate = {2020-02-14}
}



@article{SuiteSparse,
  doi = {10.1145/2049662.2049663},
  %url = {https://doi.org/10.1145/2049662.2049663},
  year = {2011},
  month = nov,
  publisher = {Association for Computing Machinery ({ACM})},
  volume = {38},
  number = {1},
  pages = {1--25},
  author = {Timothy A. Davis and Yifan Hu},
  title = {The university of Florida sparse matrix collection},
  journal = {{ACM} Transactions on Mathematical Software}
}


@manual{audi-piston-rod,
  author = {},
  url = {https://www.cise.ufl.edu/research/sparse/matrices/Koutsovasilis/F2.html},
    urldate = {2020-12-29}, 

  title = {Audi piston rod - Stiffness matrix}
}

@article{Buatois2009,
  doi = {10.1080/17445760802337010},
  %url = {https://doi.org/10.1080/17445760802337010},
  year = {2009},
  month = jun,
  publisher = {Informa {UK} Limited},
  volume = {24},
  number = {3},
  pages = {205--223},
  author = {Luc Buatois and Guillaume Caumon and Bruno L{\'{e}}vy},
  title = {Concurrent number cruncher: a {GPU} implementation of a general sparse linear solver},
  journal = {International Journal of Parallel,  Emergent and Distributed Systems}
}


@book{Saad2003,
  doi = {10.1137/1.9780898718003},
  %url = {https://doi.org/10.1137/1.9780898718003},
  year = {2003},
  month = jan,
  publisher = {Society for Industrial and Applied Mathematics},
  author = {Yousef Saad},
  title = {Iterative Methods for Sparse Linear Systems}
}


@ARTICLE{Duff1977,
  author={I. S. {Duff}},
  journal={Proceedings of the IEEE}, 
  title={A survey of sparse matrix research}, 
  year={1977},
  volume={65},
  number={4},
  pages={500-535},
  doi={10.1109/PROC.1977.10514}
}
  
  
@INPROCEEDINGS{Bell2009,
  author={N. {Bell} and M. {Garland}},
  booktitle={Proceedings of the Conference on High Performance Computing Networking, Storage and Analysis}, 
  title={Implementing sparse matrix-vector multiplication on throughput-oriented processors}, 
  year={2009},
  volume={},
  number={},
  pages={1-11},
  doi={10.1145/1654059.1654078}
}
  


@manual{pipeline-example,
  author = {},
  url = {https://disruptiveludens.wordpress.com/2017/09/13/pipeline-geometrico-animacion-y-vision-de-cara-al-futuro/},
    urldate = {2020-11-03}, 
  title = {Pipeline Geométrico, Animación y Visión de Cara al Futuro.}
}

  
  
@incollection{Kirk2013-intro,
  doi = {10.1016/b978-0-12-415992-1.00001-8},
  %url = {https://doi.org/10.1016/b978-0-12-415992-1.00001-8},
  year = {2013},
  publisher = {Elsevier},
  pages = {1--21},
  author = {David B. Kirk and Wen-mei W. Hwu},
  title = {Introduction},
  booktitle = {Programming Massively Parallel Processors}
}

@book{Kirk2013,
  doi = {10.1016/c2011-0-04129-7},
  %url = {https://doi.org/10.1016/c2011-0-04129-7},
  year = {2013},
  publisher = {Elsevier},
  author = {David B. Kirk and Wen-mei W. Hwu},
  title = {Programming Massively Parallel Processors}
}

@article{Papadimitriou1976,
  doi = {10.1007/bf02280884},
  %url = {https://doi.org/10.1007/bf02280884},
  year = {1976},
  month = sep,
  publisher = {Springer Science and Business Media {LLC}},
  volume = {16},
  number = {3},
  pages = {263--270},
  author = {Ch. H. Papadimitriou},
  title = {The $\mathcal{NP}$-Completeness of the bandwidth minimization problem},
  journal = {Computing}
}



@incollection{Goebel2020,
  doi = {10.1007/978-3-030-57675-2_34},
  %url = {https://doi.org/10.1007/978-3-030-57675-2_34},
  year = {2020},
  publisher = {Springer International Publishing},
  pages = {546--560},
  author = {Fritz Goebel and Hartwig Anzt and Terry Cojean and Goran Flegar and Enrique S. Quintana-Ortí},
  title = {Multiprecision Block-Jacobi for Iterative Triangular Solves},
  booktitle = {Euro-Par 2020: Parallel Processing}
}


@article{Anzt2018,
  doi = {10.1002/cpe.4460},
  %url = {https://doi.org/10.1002/cpe.4460},
  year = {2018},
  month = mar,
  publisher = {Wiley},
  volume = {31},
  number = {6},
  pages = {e4460},
  author = {Hartwig Anzt and Jack Dongarra and Goran Flegar and Nicholas J. Higham and Enrique S. Quintana-Ortí},
  title = {Adaptive precision in block-Jacobi preconditioning for iterative sparse linear system solvers},
  journal = {Concurrency and Computation: Practice and Experience}
}


@article{Grtzmacher2019,
  doi = {10.1002/cpe.5418},
  %url = {https://doi.org/10.1002/cpe.5418},
  year = {2019},
  month = jul,
  publisher = {Wiley},
  volume = {32},
  number = {15},
  author = {Thomas Gr\"{u}tzmacher and Terry Cojean and Goran Flegar and Fritz G\"{o}bel and Hartwig Anzt},
  title = {A customized precision format based on mantissa segmentation for accelerating sparse linear algebra},
  journal = {Concurrency and Computation: Practice and Experience}
}

@article{Grtzmacher2020,
  doi = {10.1145/3380934},
  %url = {https://doi.org/10.1145/3380934},
  year = {2020},
  month = apr,
  publisher = {Association for Computing Machinery ({ACM})},
  volume = {7},
  number = {1},
  pages = {1--19},
  author = {Thomas Gr\"{u}tzmacher and Terry Cojean and Goran Flegar and Hartwig Anzt and Enrique S. Quintana-Ortí},
  title = {Acceleration of {PageRank} with Customized Precision Based on Mantissa Segmentation},
  journal = {{ACM} Transactions on Parallel Computing}
}


@inproceedings{He2020,
  doi = {10.1145/3392717.3392751},
  %url = {https://doi.org/10.1145/3392717.3392751},
  year = {2020},
  month = jun,
  publisher = {{ACM}},
  author = {Xin He and Subhankar Pal and Aporva Amarnath and Siying Feng and Dong-Hyeon Park and Austin Rovinski and Haojie Ye and Yuhan Chen and Ronald Dreslinski and Trevor Mudge},
  title = {Sparse-{TPU}: adapting systolic arrays for sparse matrices},
  booktitle = {Proceedings of the 34th {ACM} International Conference on Supercomputing}
}

@inproceedings{Ku2008,
  doi = {10.1109/euc.2008.154},
  %url = {https://doi.org/10.1109/euc.2008.154},
  year = {2008},
  month = dec,
  publisher = {{IEEE}},
  author = {Anderson Kuei-An Ku and Jenny Yi-Chun Kuo and Jingling Xue},
  title = {Hardware Support for Efficient Sparse Matrix Vector Multiplication},
  booktitle = {2008 {IEEE}/{IFIP} International Conference on Embedded and Ubiquitous Computing}
}

@inproceedings{Reguly2012,
  doi = {10.1109/inpar.2012.6339602},
  %url = {https://doi.org/10.1109/inpar.2012.6339602},
  year = {2012},
  month = may,
  publisher = {{IEEE}},
  author = {Istvan Reguly and Mike Giles},
  title = {Efficient sparse matrix-vector multiplication on cache-based {GPUs}},
  booktitle = {2012 Innovative Parallel Computing ({InPar})}
}


@manual{microprocessor-trend-data,
  url = {https://github.com/karlrupp/microprocessor-trend-data},
  urldate = {2020-02-13},
  title = {Microprocessor Trend Data}
}


@manual{42-trend-data,
  url = {https://www.karlrupp.net/2018/02/42-years-of-microprocessor-trend-data/},
  urldate = {2020-10-04},
  title = {42 Years of Microprocessor Trend Data}
}


@manual{cuda-programming-guide,
  url = {https://docs.nvidia.com/cuda/cuda-c-programming-guide/},
  urldate = {2020-08-13},
  title = {CUDA C++ Programming Guide}
}


@BOOK{comp-sol-of-sparse-linear-systems,
	author = {Alan George and Joseph Liu and Esmond Ng},
	title = {Computer Solution of Sparse Linear Systems},
	year = {1994},
}



@inproceedings{Cuthill-Mckee,
  doi = {10.1145/800195.805928},
  %url = {https://doi.org/10.1145/800195.805928},
  year = {1969},
  publisher = {{ACM} Press},
  pages = {157--172},
  author = {E. Cuthill and J. McKee},
  title = {Reducing the bandwidth of sparse symmetric matrices},
  booktitle = {Proceedings of the 1969 24th national conference}
}


@inproceedings{ibm-cooling,
  doi = {10.1109/itherm.2008.4544279},
  %url = {https://doi.org/10.1109/itherm.2008.4544279},
  year = {2008},
  month = may,
  publisher = {{IEEE}},
  author = {M.J. Ellsworth and L.A. Campbell and R.E. Simons and M.K. Iyengar and R.R. Schmidt and R.C. Chu},
  title = {The evolution of water cooling for {IBM} large server systems: Back to the future},
  booktitle = {2008 11th Intersociety Conference on Thermal and Thermomechanical Phenomena in Electronic Systems}
}


@article{Flynn1972,
  doi = {10.1109/tc.1972.5009071},
  %url = {https://doi.org/10.1109/tc.1972.5009071},
  year = {1972},
  month = sep,
  publisher = {Institute of Electrical and Electronics Engineers ({IEEE})},
  volume = {C-21},
  number = {9},
  pages = {948--960},
  author = {Michael J. Flynn},
  title = {Some Computer Organizations and Their Effectiveness},
  journal = {{IEEE} Transactions on Computers}
}


@article{Choi2010,
  doi = {10.1145/1837853.1693471},
  %url = {https://doi.org/10.1145/1837853.1693471},
  year = {2010},
  month = may,
  publisher = {Association for Computing Machinery ({ACM})},
  volume = {45},
  number = {5},
  pages = {115--126},
  author = {Jee W. Choi and Amik Singh and Richard W. Vuduc},
  title = {Model-driven autotuning of sparse matrix-vector multiply on {GPUs}},
  journal = {{ACM} {SIGPLAN} Notices}
}


% @article{GarlandAndBell2009,
% author = {Bell, Nathan and Garland, Michael},
% year = {2009},
% month = {01},
% pages = {},
% title = {Efficient Sparse Matrix-Vector Multiplication on CUDA}
% }

@techreport{GarlandAndBell2009,
    author = {Nathan Bell and Michael Garland},
    title = {Efficient Sparse Matrix-Vector Multiplication on {CUDA}},
    month = dec,
    year = 2008,
    institution = {NVIDIA Corporation},
    type = {NVIDIA Technical Report},
    number = {NVR-2008-004},
}


% @inproceedings{Bell2009,
%   doi = {10.1145/1654059.1654078},
%   %url = {https://doi.org/10.1145/1654059.1654078},
%   year = {2009},
%   publisher = {{ACM} Press},
%   author = {Nathan Bell and Michael Garland},
%   title = {Implementing sparse matrix-vector multiplication on throughput-oriented processors},
%   booktitle = {Proceedings of the Conference on High Performance Computing Networking,  Storage and Analysis - {SC} {\textquotesingle}09}
% }


@manual{density-matlab,
  url = https://www.mathworks.com/help/matlab/ref/nnz.html,
  urldate = {2020-07-15},
  title = {Number of nonzero matrix elements - MATLAB nnz}
}

@article{Belgin2010,
  doi = {10.1016/j.procs.2010.04.023},
  %url = {https://doi.org/10.1016/j.procs.2010.04.023},
  year = {2010},
  month = may,
  publisher = {Elsevier {BV}},
  volume = {1},
  number = {1},
  pages = {203--211},
  author = {Mehmet Belgin and Godmar Back and Calvin J. Ribbens},
  title = {Applicability of Pattern-based sparse matrix representation for real applications},
  journal = {Procedia Computer Science}
}


@manual{cusparse,
  url = {https://docs.nvidia.com/cuda/cusparse/index.html},
  urldate = {2020-08-17},
  title = {cuSPARSE :: CUDA Toolkit Documentation}
}

@manual{cusp-bell,
  url = {https://github.com/cusplibrary/cusplibrary},
  author = {N. {Bell} and M. {Garland}},
  year = 2012,
  title = {Cusp library}
}

@manual{cublas,
  url = {https://docs.nvidia.com/cuda/cublas/index.html},
  urldate = {2020-08-17},
  title = {cuBLAS :: CUDA Toolkit Documentation}
}


@PHDTHESIS{alan-phdthesis,
   author = {Alan George},
   title = "Computer implementation of the finite element method",
   school = "Computer Science Department, School of Humanities and Sciences, STANFORD UNIVERSITY",
   address = "CA, USA",
   year = 1971,
}

@article{Gibbs1976,
  doi = {10.1137/0713023},
  %url = {https://doi.org/10.1137/0713023},
  year = {1976},
  month = apr,
  publisher = {Society for Industrial {\&} Applied Mathematics ({SIAM})},
  volume = {13},
  number = {2},
  pages = {236--250},
  author = {Norman E. Gibbs and William G. Poole,  Jr. and Paul K. Stockmeyer},
  title = {An Algorithm for Reducing the Bandwidth and Profile of a Sparse Matrix},
  journal = {{SIAM} Journal on Numerical Analysis}
}


@manual{bell-course,
  author        = {Nathan Bell},
  title         = {Iterative methods for sparse linear systems on GPU - NVIDIA Research},
%   month         = {February},
%   year          = {2013},
  publisher={Mechanical Engineering, Pan-American Advanced Studies Institute, Boston University},
  url = {https://www.bu.edu/pasi/courses/iterative-methods-for-sparse-linear-systems/}
}


@article{Sloan1986,
  doi = {10.1002/nme.1620230208},
  %url = {https://doi.org/10.1002/nme.1620230208},
  year = {1986},
  month = feb,
  publisher = {Wiley},
  volume = {23},
  number = {2},
  pages = {239--251},
  author = {S. W. Sloan},
  title = {An algorithm for profile and wavefront reduction of sparse matrices},
  journal = {International Journal for Numerical Methods in Engineering}
}

@article{sloan-parallel,
  year = {2017},
  month = aug,
  author = {Thiago Nascimento Rodrigues, Maria Claudia Silva Boeres, Lucia Catabriga},
  title = {A Parallel Sloan Algorithm for the Profile Minimization Problem of Sparse Matrices},
  journal = {XLIX Simpósio Brasileiro de Pesquisa Operacional}
}


@inproceedings{Stevenson2012,
  doi = {10.1145/2304576.2304603},
%   url = {https://doi.org/10.1145/2304576.2304603},
  year = {2012},
  publisher = {{ACM} Press},
  author = {John P. Stevenson and Amin Firoozshahian and Alex Solomatnikov and Mark Horowitz and David Cheriton},
  title = {Sparse matrix-vector multiply on the {HICAMP} architecture},
  booktitle = {Proceedings of the 26th {ACM} international conference on Supercomputing - {ICS} {\textquotesingle}12}
}

@article{Gill1984,
  doi = {10.1137/0905041},
  %url = {https://doi.org/10.1137/0905041},
  year = {1984},
  month = sep,
  publisher = {Society for Industrial {\&} Applied Mathematics ({SIAM})},
  volume = {5},
  number = {3},
  pages = {562--589},
  author = {Philip E. Gill and Walter Murray and Michael A. Saunders and Margaret H. Wright},
  title = {Sparse Matrix Methods in Optimization},
  journal = {{SIAM} Journal on Scientific and Statistical Computing}
}


@book{klaus-jürgenbathe2014,
 Author = {Klaus-Jürgen Bathe},
 title = {Finite Element Procedures},
 description = {Finite Element Procedures (Book, 2014)},
 publisher = {Klaus-Jürgen Bathe},
 year = {2014},
 month = {aug},
 isbn = {0979004950},
}

@article{AJ2015,
  doi = {10.21917/ijsc.2015.0150},
%   url = {https://doi.org/10.21917/ijsc.2015.0150},
  year = {2015},
  month = oct,
  publisher = {{ICT} Academy},
  volume = {06},
  number = {01},
  pages = {1083--1092},
  author = {Umbarkar A.J. and  Sheth P.D.},
  title = {{CROSSOVER} {OPERATORS} {IN} {GENETIC} {ALGORITHMS}: A {REVIEW}},
  journal = {{ICTACT} Journal on Soft Computing},
}

@inproceedings{Belgin2009,
  doi = {10.1145/1542275.1542294},
%   url = {https://doi.org/10.1145/1542275.1542294},
  year = {2009},
  publisher = {{ACM} Press},
  author = {Mehmet Belgin and Godmar Back and Calvin J. Ribbens},
  title = {Pattern-based sparse matrix representation for memory-efficient {SMVM} kernels},
  booktitle = {Proceedings of the 23rd international conference on Conference on Supercomputing - {ICS} {\textquotesingle}09}
}


@inproceedings{Willcock2006,
  doi = {10.1145/1183401.1183444},
%   url = {https://doi.org/10.1145/1183401.1183444},
  year = {2006},
  publisher = {{ACM} Press},
  author = {Jeremiah Willcock and Andrew Lumsdaine},
  title = {Accelerating sparse matrix computations via data compression},
  booktitle = {Proceedings of the 20th annual international conference on Supercomputing  - {ICS} {\textquotesingle}06}
}

@inproceedings{Kourtis2008,
  doi = {10.1145/1366230.1366244},
%   url = {https://doi.org/10.1145/1366230.1366244},
  year = {2008},
  publisher = {{ACM} Press},
  author = {Kornilios Kourtis and Georgios Goumas and Nectarios Koziris},
  title = {Optimizing sparse matrix-vector multiplication using index and value compression},
  booktitle = {Proceedings of the 2008 conference on Computing frontiers  - {CF} {\textquotesingle}08}
}

@Book{golub1996matrix,
 author = {Golub, Gene},
 title = {Matrix computations},
 publisher = {Johns Hopkins University Press},
 year = {1996},
 address = {Baltimore},
 isbn = {978-0801854149}
 }
 
 @article{Tu2019,
  doi = {10.1016/j.jpdc.2018.10.014},
%   url = {https://doi.org/10.1016/j.jpdc.2018.10.014},
  year = {2019},
  month = jan,
  publisher = {Elsevier {BV}},
  volume = {123},
  pages = {230},
  author = {Wanqing Tu and Florin Pop and Weijia Jia and Jie Wu and Mauro Iacono},
  title = {High-Performance~Computing in Edge Computing Networks},
  journal = {Journal of Parallel and Distributed Computing}
}

@article{big-data2015,
  doi = {10.5120/20311-2356},
%   url = {https://doi.org/10.5120/20311-2356},
  year = {2015},
  month = apr,
  publisher = {Foundation of Computer Science},
  volume = {116},
  number = {2},
  pages = {28--33},
  author = {Tulasi B and Rupali Sunil Wagh and Balaji S},
  title = {High Performance Computing and Big Data Analytics Paradigms and Challenges},
  journal = {International Journal of Computer Applications}
}

@InProceedings{hpc-bioinformatics,
author="Per{\'e}z-S{\'a}nchez, Horacio
and Fassihi, Afshin
and Cecilia, Jos{\'e} M.
and Ali, Hesham H.
and Cannataro, Mario",
editor="Ortu{\~{n}}o, Francisco
and Rojas, Ignacio",
title="Applications of High Performance Computing in Bioinformatics, Computational Biology and Computational Chemistry",
booktitle="Bioinformatics and Biomedical Engineering",
year="2015",
publisher="Springer International Publishing",
address="Cham",
pages="527--541",
isbn="978-3-319-16480-9"
}


@inproceedings{Pinar1999,
  doi = {10.1145/331532.331562},
%   url = {https://doi.org/10.1145/331532.331562},
  year = {1999},
  publisher = {{ACM} Press},
  author = {Ali Pinar and Michael T. Heath},
  title = {Improving performance of sparse matrix-vector multiplication},
  booktitle = {Proceedings of the 1999 {ACM}/{IEEE} conference on Supercomputing ({CDROM})  - Supercomputing {\textquotesingle}99}
}

@inproceedings{Tang2013,
  doi = {10.1145/2503210.2503234},
  % url = {https://doi.org/10.1145/2503210.2503234},
  year = {2013},
  month = nov,
  publisher = {{ACM}},
  author = {Wai Teng Tang and Wen Jun Tan and Rajarshi Ray and Yi Wen Wong and Weiguang Chen and Shyh-hao Kuo and Rick Siow Mong Goh and Stephen John Turner and Weng-Fai Wong},
  title = {Accelerating sparse matrix-vector multiplication on {GPUs} using bit-representation-optimized schemes},
  booktitle = {Proceedings of the International Conference on High Performance Computing,  Networking,  Storage and Analysis}
}

@incollection{Monakov2010,
  doi = {10.1007/978-3-642-11515-8_10},
%   url = {https://doi.org/10.1007/978-3-642-11515-8_10},
  year = {2010},
  publisher = {Springer Berlin Heidelberg},
  pages = {111--125},
  author = {Alexander Monakov and Anton Lokhmotov and Arutyun Avetisyan},
  title = {Automatically Tuning Sparse Matrix-Vector Multiplication for {GPU} Architectures},
  booktitle = {High Performance Embedded Architectures and Compilers}
}

@article{Chakraborty2018,
  doi = {10.26438/ijcse/v6i10.722729},
%   url = {https://doi.org/10.26438/ijcse/v6i10.722729},
  year = {2018},
  month = oct,
  publisher = {{ISROSET}: International Scientific Research Organization for Science,  Engineering and Technology},
  volume = {6},
  number = {10},
  pages = {722--729},
  author = {Anwesha Chakraborty and Trina Dutta and Sushmita Mondal and Asoke Nath},
  title = {Application of Graph Theory in Social Media},
  journal = {International Journal of Computer Sciences and Engineering}
}


@inproceedings{Ma2010,
  doi = {10.1109/tencon.2010.5686714},
%   url = {https://doi.org/10.1109/tencon.2010.5686714},
  year = {2010},
  month = nov,
  publisher = {{IEEE}},
  author = {Y Ma and H Noda and I Ito and A Nishihara},
  title = {Modified delta encoding and its applications to speech signal},
  booktitle = {{TENCON} 2010 - 2010 {IEEE} Region 10 Conference}
}

@article{Choi2010,
  doi = {10.1145/1837853.1693471},
%   url = {https://doi.org/10.1145/1837853.1693471},
  year = {2010},
  month = may,
  publisher = {Association for Computing Machinery ({ACM})},
  volume = {45},
  number = {5},
  pages = {115--126},
  author = {Jee W. Choi and Amik Singh and Richard W. Vuduc},
  title = {Model-driven autotuning of sparse matrix-vector multiply on {GPUs}},
  journal = {{ACM} {SIGPLAN} Notices}
}

@inproceedings{Goumas2008,
  doi = {10.1109/pdp.2008.41},
%   url = {https://doi.org/10.1109/pdp.2008.41},
  year = {2008},
  month = feb,
  publisher = {{IEEE}},
  author = {Georgios Goumas and Kornilios Kourtis and Nikos Anastopoulos and Vasileios Karakasis and Nectarios Koziris},
  title = {Understanding the Performance of Sparse Matrix-Vector Multiplication},
  booktitle = {16th Euromicro Conference on Parallel,  Distributed and Network-Based Processing ({PDP} 2008)}
}

@article{Jain2010,
  doi = {10.1016/j.patrec.2009.09.011},
%   url = {https://doi.org/10.1016/j.patrec.2009.09.011},
  year = {2010},
  month = jun,
  publisher = {Elsevier {BV}},
  volume = {31},
  number = {8},
  pages = {651--666},
  author = {Anil K. Jain},
  title = {Data clustering: 50 years beyond K-means},
  journal = {Pattern Recognition Letters}
}


@inproceedings{Horowitz2014,
  doi = {10.1109/isscc.2014.6757323},
%   url = {https://doi.org/10.1109/isscc.2014.6757323},
  year = {2014},
  month = feb,
  publisher = {{IEEE}},
  author = {Mark Horowitz},
  title = {1.1 Computing{\textquotesingle}s energy problem (and what we can do about it)},
  booktitle = {2014 {IEEE} International Solid-State Circuits Conference Digest of Technical Papers ({ISSCC})}
}

@article{pagerank,
    author = {Page, Lawrence and Brin, Sergey and Motwani, Rajeev and Winograd, Terry},
    year = {1998},
    month = {11},
    pages = {},
    title = {The PageRank Citation Ranking: Bringing Order to the Web}
}


@inproceedings{Hong2019,
  doi = {10.1145/3293883.3295712},
%   url = {https://doi.org/10.1145/3293883.3295712},
  year = {2019},
  month = feb,
  publisher = {{ACM}},
  author = {Changwan Hong and Aravind Sukumaran-Rajam and Israt Nisa and Kunal Singh and P. Sadayappan},
  title = {Adaptive sparse tiling for sparse matrix multiplication},
  booktitle = {Proceedings of the 24th Symposium on Principles and Practice of Parallel Programming}
}

@inproceedings{Yan2014,
  doi = {10.1145/2555243.2555255},
%   url = {https://doi.org/10.1145/2555243.2555255},
  year = {2014},
  publisher = {{ACM} Press},
  author = {Shengen Yan and Chao Li and Yunquan Zhang and Huiyang Zhou},
  title = {{yaSpMV}},
  booktitle = {Proceedings of the 19th {ACM} {SIGPLAN} symposium on Principles and practice of parallel programming - {PPoPP} {\textquotesingle}14}
}

@article{Guo2015,
  doi = {10.1177/1094342015593156},
%   url = {https://doi.org/10.1177/1094342015593156},
  year = {2015},
  month = jul,
  publisher = {{SAGE} Publications},
  volume = {30},
  number = {1},
  pages = {103--120},
  author = {Dahai Guo and William Gropp and Luke N Olson},
  title = {A hybrid format for better performance of sparse matrix-vector multiplication on a {GPU}},
  journal = {The International Journal of High Performance Computing Applications}
}


@inproceedings{Sun2011,
  doi = {10.1109/icpp.2011.53},
%   url = {https://doi.org/10.1109/icpp.2011.53},
  year = {2011},
  month = sep,
  publisher = {{IEEE}},
  author = {Xiangzheng Sun and Yunquan Zhang and Ting Wang and Xianyi Zhang and Liang Yuan and Li Rao},
  title = {Optimizing {SpMV} for Diagonal Sparse Matrices on {GPU}},
  booktitle = {2011 International Conference on Parallel Processing}
}

@Book{smith1997,
 author = {Smith, Steven},
 title = {The scientist and engineer's guide to digital signal processing},
 publisher = {California Technical Pub},
 year = {1997},
 address = {San Diego, Calif},
 isbn = {0966017641}
 }
 
 @Book{reinelt1994,
 author = {Reinelt, G},
 title = {The Traveling Salesman : Computational Solutions for TSP Applications},
 publisher = {Springer Berlin Heidelberg},
 year = {1994},
 address = {Berlin, Heidelberg},
 isbn = {978-3-540-48661-9}
 }
 
 @article{George1989,
  doi = {10.1137/1031001},
   % url = {https://doi.org/10.1137/1031001},
  year = {1989},
  month = mar,
  publisher = {Society for Industrial {\&} Applied Mathematics ({SIAM})},
  volume = {31},
  number = {1},
  pages = {1--19},
  author = {Alan George and Joseph W.H. Liu},
  title = {The Evolution of the Minimum Degree Ordering Algorithm},
  journal = {{SIAM} Review}
}